<record><leader>00000cas a22000007a 4500</leader><controlfield tag="001">43498351</controlfield><controlfield tag="008">000222d19801981sduwr ne      0    0eng d</controlfield><datafield ind1=" " ind2=" " tag="010"><subfield code="a">sn 00065140 </subfield></datafield><datafield ind1=" " ind2=" " tag="040"><subfield code="a">SXN</subfield><subfield code="b">eng</subfield><subfield code="c">SXN</subfield><subfield code="d">OCLCF</subfield><subfield code="d">OCLCO</subfield></datafield><datafield ind1="1" ind2=" " tag="029"><subfield code="a">AU@</subfield><subfield code="b">000021382563</subfield></datafield><datafield ind1=" " ind2=" " tag="042"><subfield code="a">msc</subfield></datafield><datafield ind1=" " ind2=" " tag="043"><subfield code="a">n-us-sd</subfield></datafield><datafield ind1="0" ind2="0" tag="245"><subfield code="a">Tripp star.</subfield></datafield><datafield ind1=" " ind2=" " tag="260"><subfield code="a">Tripp, S.D. :</subfield><subfield code="b">B &amp; H Publication,</subfield></datafield><datafield ind1=" " ind2=" " tag="300"><subfield code="a">v.</subfield></datafield><datafield ind1=" " ind2=" " tag="310"><subfield code="a">Weekly</subfield></datafield><datafield ind1="0" ind2=" " tag="362"><subfield code="a">Vol. 1, no. 1 (Aug. 28, 1980)-v.1, no. 23 (Jan. 28, 1981).</subfield></datafield><datafield ind1=" " ind2=" " tag="530"><subfield code="a">Available on microfilm from: State Archives, South Dakota State Historical Society.</subfield></datafield><datafield ind1=" " ind2=" " tag="580"><subfield code="a">Merged with: The Tripp ledger, to form: Tripp star ledger.</subfield></datafield><datafield ind1=" " ind2="0" tag="651"><subfield code="a">Tripp (S.D.)</subfield><subfield code="v">Newspapers.</subfield></datafield><datafield ind1=" " ind2="0" tag="651"><subfield code="a">Hutchinson County (S.D.)</subfield><subfield code="v">Newspapers.</subfield></datafield><datafield ind1=" " ind2="7" tag="655"><subfield code="a">Newspapers.</subfield><subfield code="2">fast</subfield><subfield code="0">(OCoLC)fst01423814</subfield></datafield><datafield ind1=" " ind2="7" tag="651"><subfield code="a">South Dakota</subfield><subfield code="z">Hutchinson County.</subfield><subfield code="2">fast</subfield><subfield code="0">(OCoLC)fst01204320</subfield></datafield><datafield ind1=" " ind2="7" tag="651"><subfield code="a">South Dakota</subfield><subfield code="z">Tripp.</subfield><subfield code="2">fast</subfield><subfield code="0">(OCoLC)fst01306165</subfield></datafield><datafield ind1=" " ind2=" " tag="752"><subfield code="a">United States</subfield><subfield code="b">South Dakota</subfield><subfield code="c">Hutchinson</subfield><subfield code="d">Tripp.</subfield></datafield><datafield ind1="1" ind2="7" tag="785"><subfield code="t">The Tripp ledger</subfield><subfield code="w">(DLC)sn 00065139</subfield></datafield><datafield ind1="1" ind2="7" tag="785"><subfield code="t">Tripp star ledger</subfield><subfield code="w">(DLC)sn 00065141</subfield></datafield></record>